<?xml version="1.0" encoding="utf-8"?>
<record xmlns="http://www.loc.gov/MARC21/slim" xmlns:xsi="http://www.w3.org/2001/XMLSchema-instance" xsi:schemaLocation="http://www.loc.gov/MARC21/slim http://www.loc.gov/standards/marcxml/schema/MARC21slim.xsd">
	<leader>     nam a22     Mi 4500</leader>
	<controlfield tag="001">b12348521</controlfield>
	<controlfield tag="003">LeBAU</controlfield>
	<controlfield tag="006">m        d        </controlfield>
	<controlfield tag="007">cr cn |||m|||a</controlfield>
	<controlfield tag="008">190123s1924    iq      o     ||0 0 ara d</controlfield>
	<datafield ind1=" " ind2=" " tag="040">
		<subfield code="a">ZYU</subfield>
		<subfield code="b">ara</subfield>
		<subfield code="e">rda</subfield>
		<subfield code="c">ZYU</subfield>
	</datafield>
	<datafield ind1=" " ind2="4" tag="050">
		<subfield code="a">BP194</subfield>
		<subfield code="b">.J36 1924</subfield>
	</datafield>
	<datafield ind1="0" ind2="4" tag="082">
		<subfield code="a">297.04</subfield>
		<subfield code="2">20</subfield>
	</datafield>
	<datafield ind1="1" ind2=" " tag="100">
		<subfield code="6">880-01</subfield>
		<subfield code="a">Janājī, Jaʻfar ibn Khaḍir,</subfield>
		<subfield code="d">1743 or 1744-1811 or 1812,</subfield>
		<subfield code="e">author.</subfield>
	</datafield>
	<datafield ind1="1" ind2="0" tag="245">
		<subfield code="6">880-02</subfield>
		<subfield code="a">Kitāb manhaj al-rashād li-man arāda al-sadād /</subfield>
		<subfield code="c">min taʼlīf waḥid al-duhūr wa-nādirat al-ʻuṣūr ʻallāmat al-ʻulamāʼ al-rabbānīyīn wa-aʻẓam asāṭīn al-dīn shaykh al-ṭāʼifah al-shaykh al-akbar Jaʻfar al-Najafī ʻaṭṭara Allāh marqadahu ṣāḥib kitāb Kāshif al-Ghiṭāʼ wa-Sharḥ al-Qawāʻid wa-al-Ḥaqq al-Mubīn wa-ghayrahā min al-muʼallāfāt al-shahīrah al-mutawaffá fī Rajab sanat thamānīyah wa-al-ʻishrīn baʻda al-alf wa-al-mi’atayn Hijrīyah.</subfield>
	</datafield>
	<datafield ind1="3" ind2="0" tag="246">
		<subfield code="6">880-03</subfield>
		<subfield code="a">Manhaj al-rashād li-man arāda al-sadād</subfield>
	</datafield>
	<datafield ind1=" " ind2="1" tag="264">
		<subfield code="6">880-04</subfield>
		<subfield code="a">al-Najaf :</subfield>
		<subfield code="b">al-Maṭbaʻah al-Ḥaydarīyah,</subfield>
		<subfield code="c">1343 H., [1924? M.]</subfield>
	</datafield>
	<datafield ind1=" " ind2=" " tag="300">
		<subfield code="6">880-05</subfield>
		<subfield code="a">online resource (82 pages)</subfield>
	</datafield>
	<datafield ind1=" " ind2=" " tag="336">
		<subfield code="a">text</subfield>
		<subfield code="2">rdacontent</subfield>
	</datafield>
	<datafield ind1=" " ind2=" " tag="337">
		<subfield code="a">computer</subfield>
		<subfield code="2">rdamedia</subfield>
	</datafield>
	<datafield ind1=" " ind2=" " tag="338">
		<subfield code="a">online resource</subfield>
		<subfield code="2">rdacarrier</subfield>
	</datafield>
	<datafield ind1=" " ind2=" " tag="500">
		<subfield code="a">Part of the Arabic Collections Online (ACO) project, contributed by American University of Beirut's Jafet Memorial Library.</subfield>
	</datafield>
	<datafield ind1=" " ind2=" " tag="533">
		<subfield code="a">Electronic reproduction.</subfield>
		<subfield code="b">New York, N.Y. :</subfield>
		<subfield code="c">New York University,</subfield>
		<subfield code="d">2019.</subfield>
		<subfield code="5">NNU</subfield>
	</datafield>
	<datafield ind1=" " ind2="0" tag="650">
		<subfield code="6">880-06</subfield>
		<subfield code="a">Shīʻah</subfield>
		<subfield code="x">Doctrines.</subfield>
	</datafield>
	<datafield ind1=" " ind2="0" tag="650">
		<subfield code="6">880-07</subfield>
		<subfield code="a">Shīʻah</subfield>
		<subfield code="x">Customs and practices.</subfield>
	</datafield>
	<datafield ind1="2" ind2=" " tag="710">
		<subfield code="a">Jafet Memorial Library.</subfield>
	</datafield>
	<datafield ind1="0" ind2=" " tag="730">
		<subfield code="a">Arabic Collections Online.</subfield>
	</datafield>
	<datafield ind1="0" ind2="8" tag="776">
		<subfield code="i">Print version:</subfield>
		<subfield code="a">Janājī, Jaʻfar ibn Khaḍir, 1743 or 1744-1811 or 1812, author.</subfield>
		<subfield code="t">Kitāb manhaj al-rashād li-man arāda al-sadād</subfield>
		<subfield code="w">(LeBAU)b12348521</subfield>
	</datafield>
	<datafield ind1="4" ind2="0" tag="856">
		<subfield code="u">http://hdl.handle.net/2333.1/gmsbckb9</subfield>
	</datafield>
	<datafield ind1="1" ind2=" " tag="880">
		<subfield code="6">100-01</subfield>
		<subfield code="a">الجناجي، جعفر بن خضر،</subfield>
		<subfield code="d">1743 أو 1744-1811 أو 1812،</subfield>
		<subfield code="e">مؤلف.</subfield>
		<subfield code="4">aut.</subfield>
	</datafield>
	<datafield ind1="1" ind2="0" tag="880">
		<subfield code="6">245-02</subfield>
		<subfield code="a">كتاب منهج الرشاد لمن أراد السداد /</subfield>
		<subfield code="c">من تأليف واحد الدهور ونادرة العصور علامة العلماء الربانيين وأعظم أساطين الدين شيخ الطائفة الشيخ الأكبر الشيخ جعفر النجفي عطر الله مرقده صاحب كتاب كاشف الغطاء وشرح القواعد والحق المبين وغيرها من المؤلفات الشهيرة المتوفى في رجب سنة ثمانية والعشرين بعد الألف والمأتين هجرية.</subfield>
	</datafield>
	<datafield ind1="3" ind2="0" tag="880">
		<subfield code="6">246-03</subfield>
		<subfield code="a">منهج الرشاد لمن أراد السداد</subfield>
	</datafield>
	<datafield ind1=" " ind2="1" tag="880">
		<subfield code="6">264-04</subfield>
		<subfield code="a">النجف :</subfield>
		<subfield code="b">المطبعة الحيدرية،</subfield>
		<subfield code="c">1343 هـ.، [1924؟ م.]</subfield>
	</datafield>
	<datafield ind1=" " ind2=" " tag="880">
		<subfield code="6">300-05</subfield>
		<subfield code="a">82 صفحة ؛</subfield>
		<subfield code="c">22 سم</subfield>
	</datafield>
	<datafield ind1=" " ind2=" " tag="880">
		<subfield code="6">500-00</subfield>
		<subfield code="a">&quot;كتبه بعنوان جواب مكتوب كتبه إليه بعض أمراء نجد من ابناء سعود الذين هم الدعاة الى مذهب الوهابية وهو كتاب جليل لم يكتب مثله في هذا الباب وكان طبعه ونشره بإنفاق حضرة حجة الاسلام مرجع الانام وحيد الناس سيدنا الأجل الحاج سيد عباس التبتي مد ظله العالي.&quot;</subfield>
	</datafield>
	<datafield ind1="3" ind2=" " tag="880">
		<subfield code="6">520-00</subfield>
		<subfield code="a">&quot; هذه الرسالة حصيلة مراسلة بين شخصيتين كبيرتين تمثلتا بالشيخ جعفر كاشف الغطاء زعيم الطائفة الأمامية في عصره، المتوفى سنة 1228هـ / 1813م، وبين الأمير عبدالعزيز بن سعود ـ أحد قادة الحركة الوهابية في عهدها الأول، المتوفى سنة 1218هـ /1803م.  والسبب الذي دعا إلى تأليفها هو أن الأمير عبد العزيز كتب رسالة إلى الشيخ كاشف الغطاء انتقد فيها الممارسات التي يطبقها زوار المراقد الدينية المقدسة، وهي حسب العقيدة الوهابية تقارب الشرك في مقام التوحيد، المبتنية على مفردات نظرية مثل الشفاعة، والتوسل، والاستغاثة.  ولمعرفة ما تنطوي عليه هذه الأوراق من مناقشة وجدل يتحتم فهم الظروف التي كانت سائدة في منطقة الجزيرة، والتي بدأت تؤثر في المناطق المحيطة تأثيراً بالغاً وفعالاً. &quot;</subfield>
	</datafield>
	<datafield ind1=" " ind2=" " tag="880">
		<subfield code="6">588-00</subfield>
		<subfield code="a">هذا المستخلص أخذ من: http://www.aqaed.com/book/451/manhaj01.html (تاريخ زيارة الموقع 2018-02-02)</subfield>
	</datafield>
	<datafield ind1=" " ind2="4" tag="880">
		<subfield code="6">650-06</subfield>
		<subfield code="a">الشيعة</subfield>
		<subfield code="x">عقائد.</subfield>
	</datafield>
	<datafield ind1=" " ind2="4" tag="880">
		<subfield code="6">650-07</subfield>
		<subfield code="a">الشيعة</subfield>
		<subfield code="x">عادات وممارسات.</subfield>
	</datafield>
	<datafield ind1=" " ind2=" " tag="959">
		<subfield code="a">NNU</subfield>
		<subfield code="b">WEB</subfield>
		<subfield code="c">GENI</subfield>
		<subfield code="t">0</subfield>
		<subfield code="m">Electronic access</subfield>
		<subfield code="s">01</subfield>
	</datafield>
	<datafield ind1=" " ind2=" " tag="999">
		<subfield code="i">LeBAU_b12348521</subfield>
		<subfield code="s">aub_aco002185</subfield>
		<subfield code="e">(ERROR-MISC)</subfield>
		<subfield code="s">aub_aco002185</subfield>
	</datafield>
</record>
